02RETORNO01COBRANCA       16100005818984      CONFIANCA SOLUCOES            422SAFRA          281125                                                                                                                                                                                                                                                                                                   012000001
1026270166400013516100005818984      987033                   410886050                               00000006271125202113/001410886050           25112500000005000984220000001000000000000000000000000000000000000000000000000000000000000000000000000000000000000053184200000000317440000000000000000000000000000000000000000000000062701664000135MBM COMERCIO E VAREJO LTDA                         012000002
1025905429800016516100005818984      997372                   410889113                               00000006271125599306/001410889113           21112500000003778814220000001000000000000000000000000000000000000000000000000000000000000000000000000000000000000041227900000000343980000000000000000000000000000000000000000000000059054298000165M DE SOUSA ALVES                                   012000003
1025905429800024616100005818984      997373                   410889121                               00000006271125599310/001410889121           21112500000003351684220000001000000000000000000000000000000000000000000000000000000000000000000000000000000000000036567300000000305050000000000000000000000000000000000000000000000059054298000246M DE SOUSA ALVES                                   012000004
1025385926700010316100005818984      1002495                  410889253                               00000006271125600990/001410889253           27112500000002264294220000001000000000000000000000000000000000000000000000000000000000000000000000000000000000000022642900000000000000000000000000000000000000000000000000000000000053859267000103CROSBY SAO JOAO GLAYZIANNE MOREIRA                 012000005
9201422                                                                                                                                                                                                                                                                                                                                                                                                   000006
