74800000         2171776800001165BEK                0220710000000367338 CROSBY DISTRIBUICAO E CONFECCASICREDI                                 12404202616102100011108201600                                                                     
74800011C2045042 2171776800001165BEK                0220710000000367338 CROSBY DISTRIBUICAO E CONFECCA                                        R SAO JOSE                    02189               NATAL               59063150RN                  
7480001300001A0000090000000050000000000000 63.798.770 YAGO MATIAS        13521               24042026BRL000000000000000000000000000001                    00000000000000000000000                                                    0          
7480001300002B03 263798770000141                                                                                                                                                                                                                
74800015         000004000000000000000001000000000000000000                                                                                                                                                                                     
74899999         000001000006000000                                                                                                                                                                                                             
